@InProceedings{wang2020,
  author    = {Wang, Fei and Liu, Qi and Chen, Enhong and Huang, Zhenya and Chen, Yuying and Yin, Yu and Huang, Zai and Wang, Shijin},
  booktitle = {Proceedings of the AAAI conference on artificial intelligence},
  title     = {Neural cognitive diagnosis for intelligent education systems},
  year      = {2020},
  number    = {04},
  pages     = {6153--6161},
  volume    = {34},
}

@Article{chen2024,
  author  = {Chen, Xiangzhi and Wu, Le and Liu, Fei and Chen, Lei and Zhang, Kun and Hong, Richang and Wang, Meng},
  journal = {Advances in Neural Information Processing Systems},
  title   = {Disentangling cognitive diagnosis with limited exercise labels},
  year    = {2024},
  volume  = {36},
}

@Article{delatorre2009,
  author    = {De La Torre, Jimmy},
  journal   = {Journal of educational and behavioral statistics},
  title     = {DINA model and parameter estimation: A didactic},
  year      = {2009},
  number    = {1},
  pages     = {115--130},
  volume    = {34},
  publisher = {Sage Publications Sage CA: Los Angeles, CA},
}

@Article{delatorre2004,
  author    = {De La Torre, Jimmy and Douglas, Jeffrey A},
  journal   = {Psychometrika},
  title     = {Higher-order latent trait models for cognitive diagnosis},
  year      = {2004},
  number    = {3},
  pages     = {333--353},
  volume    = {69},
  publisher = {Springer},
}

@Article{wang2024,
  author  = {Wang, Fei and Gao, Weibo and Liu, Qi and Li, Jiatong and Zhao, Guanhao and Zhang, Zheng and Huang, Zhenya and Zhu, Mengxiao and Wang, Shijin and Tong, Wei and others},
  journal = {arXiv preprint arXiv:2407.05458},
  title   = {A Survey of Models for Cognitive Diagnosis: New Developments and Future Directions},
  year    = {2024},
}

@InProceedings{wang2021,
  author       = {Wang, Zichao and Lamb, Angus and Saveliev, Evgeny and Cameron, Pashmina and Zaykov, Jordan and Hernandez-Lobato, Jose Miguel and Turner, Richard E and Baraniuk, Richard G and Barton, Craig and Jones, Simon Peyton and others},
  booktitle    = {NeurIPS 2020 Competition and Demonstration Track},
  title        = {Results and insights from diagnostic questions: The neurips 2020 education challenge},
  year         = {2021},
  organization = {PMLR},
  pages        = {191--205},
}

@Article{wang2023,
  author    = {Wang, Zhifeng and Yan, Wenxing and Zeng, Chunyan and Tian, Yuan and Dong, Shi},
  journal   = {International Journal of Intelligent Systems},
  title     = {A unified interpretable intelligent learning diagnosis framework for learning performance prediction in intelligent tutoring systems},
  year      = {2023},
  number    = {1},
  pages     = {4468025},
  volume    = {2023},
  publisher = {Wiley Online Library},
}

@Article{leighton2004,
  author    = {Leighton, Jacqueline P and Gierl, Mark J and Hunka, Stephen M},
  journal   = {Journal of educational measurement},
  title     = {The attribute hierarchy method for cognitive assessment: A variation on Tatsuoka's rule-space approach},
  year      = {2004},
  number    = {3},
  pages     = {205--237},
  volume    = {41},
  publisher = {Wiley Online Library},
}

@Article{maris1999,
  author    = {Maris, Eric},
  journal   = {Psychometrika},
  title     = {Estimating multiple classification latent class models},
  year      = {1999},
  pages     = {187--212},
  volume    = {64},
  publisher = {Springer},
}

@Article{reckase2006,
  author    = {Reckase, Mark D},
  journal   = {Handbook of statistics},
  title     = {18 Multidimensional Item Response Theory},
  year      = {2006},
  pages     = {607--642},
  volume    = {26},
  publisher = {Elsevier},
}

@Article{tatsuoka2002,
  author    = {Tatsuoka, Curtis},
  journal   = {Journal of the Royal Statistical Society Series C: Applied Statistics},
  title     = {Data analytic methods for latent partially ordered classification models},
  year      = {2002},
  number    = {3},
  pages     = {337--350},
  volume    = {51},
  publisher = {Oxford University Press},
}

@Article{bolden2020,
  author    = {Bolden, David and Tymms, Peter},
  journal   = {Oxford Review of Education},
  title     = {Standards in education: Reforms, stagnation and the need to rethink},
  year      = {2020},
  number    = {6},
  pages     = {717--733},
  volume    = {46},
  publisher = {Taylor \& Francis},
}

@Article{osterlind1990,
  author  = {Osterlind},
  journal = {Educational research quarterly},
  title   = {Toward a uniform definition of a test item},
  year    = {1990},
  number  = {4},
  pages   = {2--5},
  volume  = {14},
}

@Article{wang2022,
  author    = {Wang, Fei and Liu, Qi and Chen, Enhong and Huang, Zhenya and Yin, Yu and Wang, Shijin and Su, Yu},
  journal   = {IEEE Transactions on Knowledge and Data Engineering},
  title     = {NeuralCD: a general framework for cognitive diagnosis},
  year      = {2022},
  number    = {8},
  pages     = {8312--8327},
  volume    = {35},
  publisher = {IEEE},
}

@Article{lord1952,
  author  = {Lord, Frederic M},
  journal = {Iowa City, IA: Psychometric Society},
  title   = {A theory of test scores (Psychometric Monograph No. 7)},
  year    = {1952},
  volume  = {35},
}

@Misc{nces_3pl,
  author       = {{National Center for Education Statistics}},
  howpublished = {\url{https://nces.ed.gov/nationsreportcard/tdw/analysis/scaling_models_3pl.aspx}},
  note         = {Accessed: 2024-10-03},
  title        = {Item Response Theory (IRT) Models: Three-Parameter Logistic (3PL)},
  year         = {2023},
}

@Book{murphy2022,
  author    = {Murphy, Kevin P},
  publisher = {MIT press},
  title     = {Probabilistic machine learning: an introduction},
  year      = {2022},
}

@Book{murray1963,
  author    = {Murray, Augustus Taber},
  publisher = {William Heinemann},
  title     = {Homer: The Iliad; with an English Translation},
  year      = {1963},
  pages     = {371--376},
}

@Book{hodges1983,
  author    = {Hodges, Andrew},
  publisher = {Burnett Books},
  title     = {Alan Turing: The Enigma},
  year      = {1983},
  address   = {London},
}

@Book{bengio2017,
  author    = {Bengio, Yoshua and Goodfellow, Ian and Courville, Aaron},
  publisher = {MIT press Cambridge, MA, USA},
  title     = {Deep learning},
  year      = {2017},
  volume    = {1},
}

@Article{wolpert1997,
  author   = {Wolpert, D.H. and Macready, W.G.},
  journal  = {IEEE Transactions on Evolutionary Computation},
  title    = {No free lunch theorems for optimization},
  year     = {1997},
  number   = {1},
  pages    = {67-82},
  volume   = {1},
  doi      = {10.1109/4235.585893},
  keywords = {Iron;Evolutionary computation;Information theory;Minimax techniques;Simulated annealing;Algorithm design and analysis;Performance analysis;Probability distribution;Bayesian methods},
}

@Misc{bigdata2021,
  author       = {bigdata-ustc},
  howpublished = {\url{https://github.com/bigdata-ustc/EduCDM}},
  title        = {EduCDM},
  year         = {2021},
  journal      = {GitHub repository},
  publisher    = {GitHub},
}

@Article{lyu2022,
  author    = {Lyu, Liting and Wang, Zhifeng and Yun, Haihong and Yang, Zexue and Li, Ya},
  journal   = {Applied Sciences},
  title     = {Deep knowledge tracing based on spatial and temporal representation learning for learning performance prediction},
  year      = {2022},
  number    = {14},
  pages     = {7188},
  volume    = {12},
  publisher = {MDPI},
}

@Article{feng2009,
  author    = {Feng, Mingyu and Heffernan, Neil and Koedinger, Kenneth},
  journal   = {User modeling and user-adapted interaction},
  title     = {Addressing the assessment challenge with an online system that tutors as it assesses},
  year      = {2009},
  pages     = {243--266},
  volume    = {19},
  publisher = {Springer},
}

@Misc{assist09,
  author = {Assistments},
  note   = {Accessed: 2024-10-15},
  title  = {2009-2010 ASSISTments Data},
  year   = {2009},
  url    = {https://sites.google.com/site/assistmentsdata/home/2009-2010-assistment-data?authuser=0},
}

@InProceedings{chang2015,
  author    = {Chang, Haw-Shiuan and Hsu, Hwai-Jung and Chen, Kuan-Ta and others},
  booktitle = {EDM},
  title     = {Modeling Exercise Relationships in E-Learning: A Unified Approach.},
  year      = {2015},
  pages     = {532--535},
}

@Article{koedinger2010,
  author    = {Koedinger, Kenneth R and Baker, Ryan SJd and Cunningham, Kyle and Skogsholm, Alida and Leber, Brett and Stamper, John},
  journal   = {Handbook of educational data mining},
  title     = {A data repository for the EDM community: The PSLC DataShop},
  year      = {2010},
  pages     = {43--56},
  volume    = {43},
  publisher = {CRC Press, Boca Raton, FL},
}

@InProceedings{collobert2011,
  author    = {Collobert, Ronan and Kavukcuoglu, Koray and Farabet, Cl{\'e}ment},
  booktitle = {BigLearn, NIPS workshop},
  title     = {Torch7: A matlab-like environment for machine learning},
  year      = {2011},
}

@Article{escueta2017,
  author    = {Escueta, Maya and Quan, Vincent and Nickow, Andre Joshua and Oreopoulos, Philip},
  title     = {Education technology: An evidence-based review},
  year      = {2017},
  publisher = {National Bureau of Economic Research},
}

@Article{livingston2019,
  author    = {Livingston, Gretchen},
  title     = {The way US teens spend their time is changing, but differences between boys and girls persist},
  year      = {2019},
  publisher = {< bound method Organization. get\_name\_with\_acronym of< Organization: Pew~â€¦},
}

@Article{ryan2016,
  author  = {Ryan, Camille L and Bauman, Kurt},
  journal = {Population Characteristics Report (P20-578). Washington, DC},
  title   = {Educational attainment in the United States: 2015. US census bureau},
  year    = {2016},
}

@Article{wang2020b,
  author  = {Wang, Zichao and Lamb, Angus and Saveliev, Evgeny and Cameron, Pashmina and Zaykov, Yordan and Hern{\'a}ndez-Lobato, Jos{\'e} Miguel and Turner, Richard E and Baraniuk, Richard G and Barton, Craig and Jones, Simon Peyton and Woodhead, Simon and Zhang, Cheng},
  journal = {arXiv preprint arXiv:2007.12061},
  title   = {Diagnostic questions: The neurips 2020 education challenge},
  year    = {2020},
}

@Misc{toussaint2024,
  author       = {Toussaint, Andrew},
  howpublished = {\url{https://github.com/ajtoussaint/Masters_Thesis}},
  title        = {Masters Thesis},
  year         = {2024},
  journal      = {GitHub repository},
  publisher    = {GitHub},
}

@Comment{jabref-meta: databaseType:bibtex;}
